%% This BibTeX bibliography file was created using BibDesk.
%% http://bibdesk.sourceforge.net/


%% Created for Bullard, Jeffrey W. Dr. at 2015-12-03 17:17:28 -0500 


%% Saved with string encoding Unicode (UTF-8) 


@string{aac = {Adv. Appl. Ceram.}}

@string{abc = {Anal. Bioanaly. Chem.}}

@string{ac = {Anal. Chem.}}

@string{acbm = {Advanced Cement Based Materials}}

@string{acij = {ACI J.}}

@string{acimj = {ACI Mater. J.}}

@string{acis = {Adv. Colloid Interface Sci.}}

@string{acisj = {ACI Struct. J.}}

@string{acp = {Adv. Chem. Phys.}}

@string{acr = {Adv. Cem. Res.}}

@string{acsb = {Am. Ceram. Soc. Bull.}}

@string{actacryst = {Acta Crystall.}}

@string{actamat = {Acta Mater.}}

@string{actamet = {Acta Metall.}}

@string{actamm = {Acta Metall. Mater.}}

@string{actapol = {Acta Polym.}}

@string{adp = {Ann. Physik}}

@string{ads = {Algorithms and Data Struct.}}

@string{advmat = {Adv. Mater.}}

@string{advmatres = {Adv. Mater. Res.}}

@string{ag = {Aquat. Geochem.}}

@string{aht = {Adv. Heat Transfer}}

@string{aic = {Automation in Construction}}

@string{aicej = {AIChE J.}}

@string{aichej = {AIChE J.}}

@string{aip = {Adv. Phys.}}

@string{ajp = {Am. J. Phys.}}

@string{ajs = {Am. J. Sci.}}

@string{al = {Am. Laboratory}}

@string{am = {Am. Mineralogist}}

@string{amm = {Am. Math. Monthly}}

@string{amr = {Appl. Mech. Rev.}}

@string{ao = {Appl. Optics}}

@string{apa = {Appl. Phys. A}}

@string{apl = {Appl. Phys. Lett.}}

@string{areps = {Ann. Rev. Earth Planetary Sci.}}

@string{armr = {Ann. Rev. Mater. Res.}}

@string{arms = {Ann. Rev. Mater. Sci.}}

@string{arpc = {Ann. Rev. Phys. Chem.}}

@string{asht = {ASHRAE Trans.}}

@string{ast = {Aerosol Sci. Technol.}}

@string{astmb = {ASTM Bull.}}

@string{austjc = {Aust. J. Chem.}}

@string{awr = {Adv. Water Resources}}

@string{bacs = {Am. Ceram. Soc. Bull.}}

@string{bbb = {Biosci. Biotech. Biochem.}}

@string{bbpc = {Ber.\ Bunsenges.\ Phys.\ Chem.}}

@string{bca = {Biometrics}}

@string{bcp = {Br. Ceram. Proc.}}

@string{bf = {Biomater. Forum}}

@string{biomat = {Biomaterials}}

@string{biophj = {Biophys. J.}}

@string{bj = {Biometrical J.}}

@string{bjap = {Brit. J. Appl. Phys.}}

@string{bka = {Biometrika}}

@string{bp = {Biotechnol. Prog.}}

@string{bri = {Building Res. Information}}

@string{brp = {Building Res. Practice}}

@string{bsert = {Building Serv. Eng. Res. Technol.}}

@string{cacm = {Comm. ACM}}

@string{carbon = {Carbon}}

@string{cbm = {Constr. Build. Mater.}}

@string{cc = {Concr. Construction}}

@string{cca = {Cem. Concr. Aggr.}}

@string{ccacta = {Croatica Chemica Acta}}

@string{ccc = {Cem. Concr. Comp.}}

@string{ccm = {Clay Clay Miner.}}

@string{ccmp = {Comments on Condensed Matter Phys.}}

@string{ccr = {Cem. Concr. Res.}}

@string{cec = {Chemical Eng. Comm.}}

@string{cej = {Chemical Eng. J.}}

@string{cemint = {Cem. Int.}}

@string{cerint = {Ceram. Int.}}

@string{ces = {Chemical Eng. Sci.}}

@string{cet = {Civil Eng. Trans.}}

@string{cf = {Computers \& Fluids}}

@string{cg = {Comput. Geosci.}}

@string{chemcomm = {Chem. Commun.}}

@string{chemgeo = {Chem. Geology}}

@string{chemrev = {Chem. Rev.}}

@string{ci = {Concr. Intl.}}

@string{cj = {Computer J.}}

@string{cjche = {Canadian J. Chemical Eng.}}

@string{cjcive = {Canadian J. Civil Eng.}}

@string{canmin = {Canadian Mineralogist}}

@string{cl = {Computer Language}}

@string{cm = {Chem. Mater.}}

@string{cma = {Comput. Math. Appl.}}

@string{cmp = {Comm. in Math Phys.}}

@string{cms = {Comput. Mater. Sci.}}

@string{corr = {Clin. Orthop. and Related Res.}}

@string{cp = {Chemical Phys.}}

@string{cpc = {Computer Phys. Comm.}}

@string{cppt = {Concr. Precasting Plant Technol.}}

@string{cps = {Colloid Polym. Sci.}}

@string{crasp = {C.R. Acad. Sci. Paris, Earth Planet. Sci.}}

@string{crt = {Cryst. Res. Technol.}}

@string{csct = {Cem. Sci. Concr. Technol.}}

@string{cse = {Concr. Sci. Eng.}}

@string{csr = {Chem. Soc. Rev.}}

@string{cstruct = {Computers \& Structures}}

@string{ct = {Cem. Technol.}}

@string{cviu = {Computer Vision and Image Understanding}}

@string{cwb = {Cement-Wapno-Beton}}

@string{dbm = {Durability Building Mater.}}

@string{ddf = {Defect Diffusion Forum}}

@string{dfs = {Discussions Faraday Soc.}}

@string{dt = {Drying Technol.}}

@string{ea = {Electrochimica Acta}}

@string{ef = {Energy Fuels}}

@string{eg = {Eng. Geol.}}

@string{ejm = {Eur. J. Mineral.}}

@string{ejp = {Eur. J. Phys.}}

@string{el = {Europhys. Lett.}}

@string{electl = {Electronics Lett.}}

@string{em = {Experimental Mech.}}

@string{epjb = {Eur. Phys. J. B}}

@string{epje = {Eur. Phys. J. E}}

@string{est = {Environmental Sci. Technol.}}

@string{fd = {Fluid Dynamics}}

@string{fjac = {Fresenius' J. Analytical Chem.}}

@string{fm = {Fire Mater.}}

@string{fmsr = {Fluid Mech. -- Soviet Res.}}

@string{fnd = {Folding Design}}

@string{fpe = {Fluid Phase Equilibria}}

@string{fuel = {Fuel}}

@string{gca = {Geochimica et Cosmochimica Acta}}

@string{geo = {Geophys.}}

@string{gge = {Geotechnical Geol. Eng.}}

@string{gji = {Geophys. J. Int.}}

@string{grl = {Geophys. Res. Lett.}}

@string{gtj = {Geotechnical Testing J.}}

@string{gw = {Ground Water}}

@string{heron = {HERON}}

@string{hp = {Health Phys.}}

@string{hrbb = {Highway Res. Board Bulletin}}

@string{hthp = {High Temperatures - High Pressures}}

@string{hvacr = {HVAC\&R Res.}}

@string{hydbio = {Hydrobiologia}}

@string{iapw = {xxxxx}}

@string{ic = {Il Cem.o}}

@string{ichem = {Inorganic Chem.}}

@string{iec = {Industrial Eng. Chem.}}

@string{iecf = {Industrial Eng. Chem. Fundamentals}}

@string{iecr = {Industrial Eng. Chem. Res.}}

@string{ietip = {IET Image Processing}}

@string{ijcm = {Int. J. Comput. Mech.}}

@string{ijes = {Int. J. Eng. Sci.}}

@string{ijf = {Int. J. Fracture}}

@string{ijhmt = {Int. J. Heat Mass Transfer}}

@string{ijmp = {Int. J. Mineral Proc.}}

@string{ijmpb = {Int. J. Mod. Phys. B}}

@string{ijmpc = {Int. J. Mod. Phys. C}}

@string{ijnlm = {Int. J. Non-Linear Mech.}}

@string{ijnme = {Int. J. for Numerical Methods in Eng.}}

@string{ijnmf = {Int. J. for Numerical Methods in Fluids}}

@string{ijpap = {Indian J. Pure Appl. Phys.}}

@string{ijss = {Int. J. Solids and Structures}}

@string{ipa = {IEEE Proc.-A}}

@string{ipcs = {Inst. Phys. Conf. Ser.}}

@string{is = {Interface Sci.}}

@string{itsu = {IEEE Trans. Sonics Ultrason.}}

@string{jaandc = {J. Alloys Compd.}}

@string{jac = {J. Appl. Chem.}}

@string{jacb = {J. Appl. Chem. Biotechnol.}}

@string{jachs = {J. Am. Chemical Soc.}}

@string{jaci = {J. ACI}}

@string{jacon = {J. Adv. Concrete Technol.}}

@string{jacr = {J. Appl. Crystallography}}

@string{jacrs = {J. Am. Ceram. Soc.}}

@string{jacs = {J. Am. Chem. Soc.}}

@string{jact = {J. Adv. Concrete Technol.}}

@string{jam = {J. Appl. Mech.}}

@string{jap = {J. Appl. Phys.}}

@string{japr = {J. Appl. Probability}}

@string{japs = {J. Appl. Polymer Sci.}}

@string{jas = {J. Aerosol Sci.}}

@string{jasa = {J. Acoustical Soc. America}}

@string{jastmi = {J. {ASTM} Int.}}

@string{jbmr = {J. Biomedical Mater. Res.}}

@string{jbmrb = {J. Biomedical Mater. Res. B}}

@string{jcamd = {J. Computer-Aided Mater. Des.}}

@string{jced = {J. Chemical Eng. Data}}

@string{jcg = {J. Cryst. Growth}}

@string{jch = {J. Cultural Heritage}}

@string{jched = {J. Chem. Eng. Data}}

@string{jchimp = {J. Chim. Phys.}}

@string{jchimpb = {J. Chim. Phys. PCB}}

@string{jchp = {J. Chem. Phys.}}

@string{jcis = {J. Colloid Interface Sci.}}

@string{jcop = {J. Comput. Phys.}}

@string{jcos = {J. Colloid Sci.}}

@string{jcph = {J. Chim. Physique}}

@string{jcpr = {J. Ceram. Proc. Res.}}

@string{jcrsj = {J. Ceram. Soc. Japan}}

@string{jcs = {J. Chem. Soc.}}

@string{jcscc = {J. Chem. Soc. Chem. Comm.}}

@string{jcsd = {J. Chem. Soc. Dalton}}

@string{jcsdt = {J. Chem. Soc. Dalton Trans.}}

@string{jcsf = {J. Chem. Soc. Faraday Trans.}}

@string{jcsf2 = {J. Chem. Soc. Faraday Trans., Part 2}}

@string{jctc = {J. Chem. Theory Comput.}}

@string{jdep1 = {J. de Physique \uppercase\expandafter{\romannumeral1}}}

@string{jdep4 = {J. de Physique \uppercase\expandafter{\romannumeral4}}}

@string{jec = {J. Electroanalytical Chem.}}

@string{jem = {J. Eng. Mech.}}

@string{jes = {J. Electrochem. Soc.}}

@string{jeses = {J. Electrochem. Soc.: Electrochem. Sci.}}

@string{jetp = {Soviet Phys. - JETP}}

@string{jetpl = {JETP Lett.}}

@string{jfm = {J. Fluid Mech.}}

@string{jfpe = {J. Fire Protection Eng.}}

@string{jg = {J. Geology}}

@string{jgge = {J. Geotech. Geoenviron. Eng.}}

@string{jgr = {J. Geophys. Res.}}

@string{jh = {J. Hydrology}}

@string{jht = {J. Heat Transfer}}

@string{jjap = {Japan J. Appl. Phys.}}

@string{jl = {J. Luminescence}}

@string{jm = {J. Microscopy}}

@string{jm&p = {J. Math. Phys.}}

@string{jma = {J. Mater.}}

@string{jmathchem = {J. Math. Chem.}}

@string{jmc = {J. Mater. Chem.}}

@string{jmce = {J. Mater. Civ. Eng.}}

@string{jme = {J. Metals}}

@string{jml = {J. Molecular Liquids}}

@string{jmos = {J. Molecular Structure}}

@string{jmp = {J. Math. Phys.}}

@string{jmps = {J. Mech. Phys. Solids}}

@string{jmr = {J. Mater. Res.}}

@string{jms = {J. Mater. Sci.}}

@string{jmsl = {J. Mater. Sci. Lett.}}

@string{jmsmm = {J. Mater. Sci.: Mater. in Medicine}}

@string{jmsrmcp = {J. Macromol. Sci., Rev. Macromol. Chem. Phys.}}

@string{jncs = {J. Non-Crystalline Solids}}

@string{jnde = {J. Nondestructive Eval.}}

@string{jnnfm = {J. Non-Newtonian Fluid Mech.}}

@string{jom = {JOM}}

@string{jopa = {J. Phys. A: Math. Gen.}}

@string{jopc = {J. Phys. C}}

@string{jopd = {J. Phys. D}}

@string{jor = {J. Oral Rehabil.}}

@string{jpa = {J. Phys. A}}

@string{jpca = {J. Port. Cem. Assoc.}}

@string{jpcc = {The J. Phys. \& Colloid Chem.}}

@string{jpch = {J. Phys. Chem.}}

@string{jpcha = {J. Phys. Chem. A}}

@string{jpchb = {J. Phys. Chem. B}}

@string{jpchc = {J. Phys. Chem. C}}

@string{jpchr = {J. Phys. Chem. Ref. Data}}

@string{jpchs = {J. Phys. Chem. Solids}}

@string{jpcm = {J. Phys.: Condensed Matter}}

@string{jpet = {J. Petrology}}

@string{jpm = {J. Porous Media}}

@string{jpo = {J. Prosthodontics}}

@string{jps = {J. Polymer Science}}

@string{jpsj = {J. Phys. Soc. Japan}}

@string{jpt = {J. Petroleum Technol.}}

@string{jqt = {J. Quality Technol.}}

@string{jrh = {J. Rheol.}}

@string{jrmm = {Int. J. Rock Mech. Mining Sciences, \& Geomechanics Abstracts}}

@string{jrnbs = {J. Res. National Bureau Standards}}

@string{jrnist = {J. Res. National Inst. Standards Technol.}}

@string{jsc = {J. Solution Chem.}}

@string{jsci = {J. Soc. Chem. Ind.}}

@string{jsedr = {J. Sedimentary Petrology}}

@string{jsedra = {J. Sediment. Res. A}}

@string{jsim = {J. Simulation}}

@string{jsp = {J. Stat. Phys.}}

@string{jsr = {J. Sediment. Petrol.}}

@string{jssc = {J. Solid State Chem.}}

@string{jsv = {J. Sound Vibration}}

@string{jtac = {J. Therm. Anal. Calorim.}}

@string{jtb = {J. Theor. Biology}}

@string{jtht = {J. Thermophysics Heat Transfer}}

@string{jtre = {J. Transportation Eng.}}

@string{jtt = {J. Tech. Transfer}}

@string{kz = {Kolloid-Z.}}

@string{lang = {Langmuir}}

@string{maa = {Metals Alloys}}

@string{mac = {Macromolecules}}

@string{mechmat = {Mech. Mater.}}

@string{medphys = {Med. Phys.}}

@string{micron = {Micron}}

@string{minmag = {Mineral. Mag.}}

@string{ml = {Mater. Lett.}}

@string{mm = {Microscopy Microanalysis}}

@string{mmas = {Math. Methods Appl. Sci.}}

@string{mn = {Mathematische Nachrichten}}

@string{mols = {Molecular Simulation}}

@string{mp = {Molecular Phys.}}

@string{mri = {Magnetic Resonance Imaging}}

@string{mrsb = {Mater. Res. Soc. Bull.}}

@string{mrsp = {Mater. Res. Soc. Symposium Proc.}}

@string{ms = {Mater. Structures}}

@string{mse = {Mater. Sci. Eng.}}

@string{msea = {Mater. Sci. Eng. A}}

@string{msms = {Modell. Simul. Mater. Sci. Eng.}}

@string{mst = {Measurement Sci. Technol.}}

@string{mt = {Materials Today}}

@string{mtrans = {Met. Trans.}}

@string{mtransa = {Met. Trans. A}}

@string{mtransb = {Met. Trans. B}}

@string{nams = {Notices AMS}}

@string{nanomat = {Nanostructured Mater.}}

@string{nanotech = {Nanotech.}}

@string{nat = {Nature}}

@string{natmat = {Nature Mater.}}

@string{ned = {Nuc. Eng. Design}}

@string{nhta = {Numerical Heat Transfer, Part A}}

@string{nl = {Nano Lett.}}

@string{nt = {Nuc. Technol.}}

@string{ocna = {Orthop. Clin. North Am.}}

@string{ogj = {Otto Graf J.}}

@string{ogst = {Oil \& Gas Sci. Tech.--Rev. IFP}}

@string{oi = {Osteoporosis Int.}}

@string{ojs = {Ohio J. Sci.}}

@string{osom = {Oral Surg. Oral Med. Oral Pathol.}}

@string{pa = {Physica A}}

@string{pac = {Pure \& Appl. Chem.}}

@string{paci = {Proc. Am. Concr. Inst.}}

@string{pasce = {Proc. Am. Soc. Civil Eng.}}

@string{pastm = {Proc. ASTM}}

@string{patr = {Pattern Recognition}}

@string{patrl = {Pattern Recognition Lett.}}

@string{pb = {Physica B}}

@string{pcab = {PCA Bulletin}}

@string{pccp = {Phys. Chem. Chemical Phys.}}

@string{pcij = {PCI J.}}

@string{pd = {Physica D}}

@string{pdiff = {Powder Diff.}}

@string{pecs = {Progress in Energy and Combustion Sci.}}

@string{pf = {Phys. Fluids}}

@string{pfa = {Phys. Fluids A}}

@string{phrb = {Proc. Highway Res. Board}}

@string{pice = {Proc.\ Instn.\ Civ.\ Engrs.}}

@string{picesb = {Proc.\ Instn.\ Civ.\ Engrs.\ Structs.\ \& Bldgs.}}

@string{pieee = {Proc. IEEE}}

@string{pl = {Phys. Lett.}}

@string{pla = {Phys. Lett. A}}

@string{plms = {Proc. London Math. Soc.}}

@string{pm = {Phil. Mag.}}

@string{pmb = {Phil. Mag. B}}

@string{pmp = {Prog. Met. Phys.}}

@string{pnas = {Proc. Nat. Acad. Sci. USA}}

@string{poc = {Prog. Organic Coatings}}

@string{pol = {Polymer}}

@string{polj = {Polymer J.}}

@string{pra = {Phys. Rev. A}}

@string{prb = {Phys. Rev. B}}

@string{pre = {Phys. Rev. E}}

@string{prep = {Phys. Reports}}

@string{prev = {Phys. Rev.}}

@string{prl = {Phys. Rev. Lett.}}

@string{procps = {Proc. Phys. Soc.}}

@string{prr = {Philips Res. Reports}}

@string{prse = {Proc. Royal Soc. at Edinburgh}}

@string{prsl = {Proc. Royal Soc. London}}

@string{prsla = {Proc. Royal Soc. London, Ser. A}}

@string{ps = {Physica Scr.}}

@string{pss = {Phys. Stat. Sol.}}

@string{psst = {Plasma Sources Sci. Technol.}}

@string{pst = {Petroleum Sci. Technol.}}

@string{pt = {Phys. Today}}

@string{ptech = {Powder Technol.}}

@string{ptp = {Prog. Theor. Phys.}}

@string{ptrs = {Phil. Trans. Royal Soc. London A}}

@string{pz = {Physik. Zeitschr.}}

@string{ra = {Rheol. Acta}}

@string{rada = {Radiochim. Acta}}

@string{rct = {Rubber Chem. Technol.}}

@string{recueil = {RECUEIL}}

@string{rgsp = {Rev. Geophys. Space Phys.}}

@string{rmctp = {Rev. Mater. Constr. Trav. Publics}}

@string{rmp = {Rev. Mod. Phys.}}

@string{rne = {Res. in Nondestructive Eval.}}

@string{rpac = {Rev. Pure and Appl. Chem.}}

@string{rpp = {Reports on Prog. in Phys.}}

@string{rser = {Renewable Sustainable Energy Rev.}}

@string{rsi = {Rev. Sci. Instrum.}}

@string{rwm = {Radioactive Waste Management the Nuclear Fuel Cycle}}

@string{sa = {Scientific American}}

@string{saa = {Sensors Actuators A}}

@string{sab = {Sensors Actuators B}}

@string{saj = {SOME APS JOURNAL!!!}}

@string{sci = {Science}}

@string{sg = {Sediment. Geol.}}

@string{sigice = {ACM SIGICE Bull.}}

@string{sjco = {{SIAM} J. Control and Optimization}}

@string{sjna = {{SIAM} J. Numer. Anal.}}

@string{sjssc = {{SIAM} J. Sci. Stat. Comput.}}

@string{sm = {Soft Matter}}

@string{smat = {Scr. Mater.}}

@string{spefe = {SPE Formation Eval.}}

@string{spej = {Soc. Petroleum Eng. J.}}

@string{ssc = {Solid State Comm.}}

@string{ssi = {Solid State Ionics}}

@string{surfsci = {Surface Sci.}}

@string{ta = {Thermochim. Acta}}

@string{tagu = {Trans., Am. Geophys. Union}}

@string{tal = {Talanta}}

@string{tams = {Trans. Am. Math. Soc.}}

@string{tasme = {Trans. ASME}}

@string{tfs = {Trans. Faraday Soc.}}

@string{tjci = {Trans. Japan Concr. Inst.}}

@string{tjim = {Trans. Japan Inst. Metals}}

@string{tms = {Trans. Metall. Soc. AIME}}

@string{tpm = {Transport in Porous Media}}

@string{trr = {Transportation Res. Record}}

@string{tsf = {Thin Solid Films}}

@string{tsr = {Trans. Soc. Rheol.}}

@string{um = {Ultramicroscopy}}

@string{wm = {Waste Management}}

@string{wrr = {Water Resources Res.}}

@string{wzh = {Wiss.\ Z.\ Hochsch.\ Archit.\ Bauwes.\ (Weimar)}}

@string{zec = {Z. Elektrochem.}}

@string{zk = {Z. Kristall.}}

@string{zkgi = {Zement-Kalk-Gips Int.}}

@string{zp = {Z. Phys.}}

@string{zpb = {Z. Phys. B}}

@article{Arns02,
	Author = {Arns, Christoph H. and Knackstedt, Mark A. and Pinczewski, W. Val and Garboczi, Edward J.},
	Date-Added = {2014-05-29 12:56:40 +0000},
	Date-Modified = {2014-05-29 12:59:10 +0000},
	Journal = geo,
	Keywords = {composite theory, elastic properties, microstructure, microtomography},
	Number = {5},
	Pages = {1396--1405},
	Title = {Computation of Linear Elastic Properties from Microtomographic Images: Methodology and Agreement Between Theory and Experiment},
	Volume = {67},
	Year = {2002}
}

@article{Bary08,
	Author = {Bary, B.},
	Date-Added = {2015-12-15 17:56:03 +0000},
	Date-Modified = {2015-12-15 18:00:03 +0000},
	Journal = {Int. J. Numer. Anal. Meth. Geomech.},
	Keywords = {computer modeling; sulfate attack; leaching; degradation; numerical methods},
	Pages = {1791--1816},
	Title = {Simplified Coupled Chemo-Mechanical Modeling of Cement Paste Behavior Subjected to Combined Leaching and External Sulfate Attack},
	Volume = {32},
	Year = {2008}
}

@article{Bary14,
	Author = {Bary, Benoit and Leterrier, Nikos and Deville, Estelle and Le~Bescop, Patrick},
	Date-Added = {2015-12-15 18:00:19 +0000},
	Date-Modified = {2015-12-15 18:03:59 +0000},
	Journal = ccc,
	Keywords = {sulfate attack; numerical methods; computer modeling},
	Pages = {70--83},
	Title = {Coupled Chemo-Transport-Mechanical Modelling and Numerical Simulation of External Sulfate Attack in Mortar},
	Volume = {49},
	Year = {2014}
}

@article{Basista08,
	Author = {Basista, M. and Weglewski, W.},
	Date-Added = {2015-12-15 18:04:38 +0000},
	Date-Modified = {2015-12-15 18:06:00 +0000},
	Journal = {Theor. Appl. Mech.},
	Keywords = {sulfate attack; micromechanical modeling; computer modeling; numerical methods},
	Pages = {29--52},
	Title = {Micromechanical Modeling of Sulphate Corrosion in Concrete: Influence of Ettringite Forming Reaction},
	Volume = {35},
	Year = {2008}
}

@article{Belytschko09,
	Author = {Belytschko, Ted and Gracie, Robert and Ventura, Giulio},
	Date-Added = {2014-06-24 14:52:58 +0000},
	Date-Modified = {2014-06-24 14:54:10 +0000},
	Journal = msms,
	Keywords = {computer modeling, finite element, microstructure},
	Pages = {043001},
	Title = {A Review of Extended/Generalized Finite Element Methods for Material Modeling},
	Volume = {17},
	Year = {2009}
}

@article{Bentz97,
	Author = {Bentz, Dale P.},
	Journal = jacrs,
	Pages = {3--21},
	Title = {Three-Dimensional Computer Simulation of Cement Hydration and Microstructure
        Development},
	Volume = {80},
	Year = {1997}
}

@techreport{Bentz05,
	Address = {Washington, D.C.},
	Author = {Bentz, Dale P.},
	Institution = {U.S. Department of Commerce},
	Month = {June},
	Number = {7232},
	Title = {{CEMHYD3D}: A Three-Dimensional Cement Hydration and Microstructure Development
        Modeling Package.  Version 3.0},
	Type = {NIST Interagency Report},
	Year = {2005}
}

@article{Bernard10,
	Author = {Bernard, Fabrice and Kamali-Bernard, Siham},
	Date-Added = {2013-05-20 18:44:16 +0000},
	Date-Modified = {2013-05-20 18:47:30 +0000},
	Journal = cms,
	Keywords = {cement chemistry, computer modeling, computer simulation, leaching},
	Number = {1},
	Pages = {218--226},
	Title = {Performance Simulation and Quantitative Analysis of Cement-Based Materials Subjected to Leaching},
	Volume = {50},
	Year = {2010}
}

@article{Berner88,
	Author = {Berner, Urs R.},
	Date-Added = {2014-05-01 16:39:24 +0000},
	Date-Modified = {2014-05-01 16:41:43 +0000},
	Journal = rada,
	Keywords = {dissolution, hydrate, cement, thermodynamics, kinetics},
	Pages = {387--393},
	Title = {Modelling the Incongruent Dissolution of Hydrated Cement Minerals},
	Volume = {44/45},
	Year = {1988}
}

@article{Biernacki11,
	Author = {Biernacki, J. J. and Xie, T.},
	Journal = jacrs,
	Pages = {2037--2047},
	Title = {An Advanced Single Particle Model for {C$_3$S} and Alite Hydration},
	Volume = {94},
	Year = {2011}
}

@article{Bonavetti01,
	Author = {Bonavetti, V. L. and Rahhal, V. F. and Irassar, E. F.},
	Date-Added = {2015-12-15 18:32:21 +0000},
	Date-Modified = {2015-12-15 18:36:38 +0000},
	Journal = ccr,
	Keywords = {limestone; carboaluminate; thermodynamics; cement chemistry},
	Pages = {853--859},
	Title = {Studies on the Carboaluminate Formation in Limestone Filler-Blended Cements},
	Volume = {31},
	Year = {2001}
}

@article{Brown81,
	Author = {Brown, Paul Wencil},
	Journal = ccr,
	Keywords = {limestone; carboaluminate; thermodynamics; cement chemistry},
	Pages = {719--727},
	Title = {An Evaluation of Sulfate Resistance of Cements in a Controlled Environment},
	Volume = {11},
	Year = {1981}
}

@incollection{Brown99,
	Address = {Westerville, OH},
	Author = {Brown, Paul Wencil and Taylor, Hal F. W.},
	Booktitle = {Materials Science of Concrete: Sulfate Attack Mechanisms},
	Date-Added = {2014-05-23 19:54:32 +0000},
	Date-Modified = {2014-05-23 19:58:55 +0000},
	Editor = {Marchand, Jacques and Skalny, Jan P.},
	Keywords = {sulfate attack, cement chemistry, ettringite},
	Pages = {73--98},
	Publisher = {American Ceramic Society},
	Title = {The Role of Ettringite in External Sulfate Attack},
	Year = {1999}
}

@article{Brun77,
	Author = {Brun, Maurice and Lallemand, Andr{\'{e}} and Quinson, Jean-Francois and Eyraud, Charles},
	Journal = TA,
	Keywords = {pore size, pore shape, thermoporometry},
	Pages = {59--88},
	Title = {A New Method for the Simultaneous Determination of the Size and the Shape of
        Pores: The Thermoporometry},
	Volume = 21,
	Year = {1977}
}

@article{Bullard95,
	Author = {Bullard, Jeffrey W. and Garboczi, Edward J. and Carter, W. Craig and Fuller, Edwin R.},
	Journal = cms,
	Volume = {4},
	Pages = {103--116},
	Title = {Numerical Methods for Computing Interfacial Mean Curvature},
	Year = {1995}
}

@article{Bullard07a,
	Author = {Bullard, Jeffrey W.},
	Journal = msms,
	Volume = {15},
	Pages = {711--738},
	Title = {A Three-Dimensional Microstructural Model of Reactions and Transport in
    Aqueous Mineral Systems},
	Year = {2007}
}

@article{Bullard11a,
	Author = {Bullard, Jeffrey W. and Lothenbach, Barbara and Stutzman, Paul E. and Snyder, Kenneth A.},
	Date-Modified = {2011-12-22 16:27:21 -0500},
	Journal = jmr,
	Keywords = {cement, hydration kinetics, alite, tricalcium silicate, portlandite, calcium hydroxide, computer modeling, simulation},
	Month = {February},
	Number = {4},
	Pages = {609--622},
	Title = {Coupling Thermodynamics and Digital Image Models to Simulate Hydration and Microstructure Development of Portland Cement Pastes},
	Volume = {26},
	Year = {2011}
}

@techreport{ccr168,
    Address = {Gaithersburg, MD},
    Author = {Haupt, Robin},
    Institution = {Cement and Concrete Reference Laboratory},
    Month = {March},
    Year = {2004},
    Title = {Final Report:  Portland Cement Proficiency Samples 167 and 168}
}

@techreport{Clifton94,
	Address = {Washington, D.C.},
	Author = {Clifton, James R. and Pommersheim, James M.},
	Date-Added = {2014-05-01 16:15:47 +0000},
	Date-Modified = {2014-05-01 16:17:34 +0000},
	Institution = {U.S. Department of Commerce},
	Keywords = {sulfate attack, cement chemistry},
	Month = {April},
	Number = {5390},
	Title = {Sulfate Attack of Cementitious Materials: Volumetric Relations and Expansions},
	Type = {NIST Interagency Report},
	Year = {1994}
}

@article{Cohen82,
	Author = {Cohen, Menashi D. and Richards, C. W.},
	Date-Added = {2014-05-23 20:48:34 +0000},
	Date-Modified = {2014-05-23 20:50:04 +0000},
	Journal = ccr,
	Keywords = {particle size distribution, expansive cement},
	Pages = {717--725},
	Title = {Effects of the Particle Sizes of Expansive Clinker on Strength--Expansion Characteristics of Type {K} Expansive Cements},
	Volume = {12},
	Year = {1982}
}

@article{Damidot11,
	Author = {Damidot, Denis A. and Lothenbach, Barbara and Herfort, Duncan and Glasser, Fredrik P.},
	Date-Added = {2015-06-26 13:27:38 +0000},
	Date-Modified = {2015-06-26 13:28:57 +0000},
	Journal = ccr,
	Keywords = {cement chemistry, thermodynamics, thermodynamic modeling},
	Pages = {679--695},
	Title = {Thermodynamics and Cement Science},
	Volume = {41},
	Year = {2011}
}

@article{Feng14,
	Author = {Feng, Pan and Miao, Changwen and Bullard, Jeffrey W.},
	Date-Added = {2014-03-21 11:50:38 +0000},
	Date-Modified = {2014-07-16 22:07:53 +0000},
	Journal = CCC,
	Keywords = {cement chemistry, leaching, computer modeling, thermodynamics, microstructure, diffusivity, elastic properties},
	Pages = {9--19},
	Rating = {4},
	Read = {1},
	Title = {A Model of Phase Stability, Microstructure and Properties During Leaching of Portland Cement Binders},
	Volume = {49},
	Year = {2014}
}

@article{Feng15,
	Author = {Feng, Pan and Garboczi, Edward J. and Miao, Changwen and Bullard, Jeffrey W.},
	Date-Added = {2015-09-11 20:55:58 +0000},
	Date-Modified = {2015-09-11 20:57:26 +0000},
	Journal = cbm,
	Keywords = {sulfate attack; cement chemistry; modeling; thermodynamics},
	Pages = {391--403},
	Title = {Microstructural Origins of Cement Paste Degradation by External Sulfate Attack},
	Volume = {96},
	Year = {2015}
}

@article{Feng15a,
	Author = {Feng, Pan and Miao, Changwen and Bullard, Jeffrey W.},
	Title = {Factors Influencing the Stability of {AFm} and {AFt} in the {Ca--Al--S--O--H} System at 25 $^{\circ}${C}},
	Journal = jacrs,
    Volume = {99},
    Number = {3},
    Pages = {1031--1041},
	Year = {2016},
	Date-Added = {2015-11-17 22:35:02 +0000},
	Date-Modified = {2015-11-17 22:39:06 +0000},
	Keywords = {thermodynamics; AFm; AFt; ettringite; monosulfate; computer modeling},
}

@inproceedings{Ferraris06,
	Address = {Orlando, FL},
	Author = {Ferraris, Chiara F. and Bullard, Jeffrey W. and Hackley, Vincent},
	Booktitle = {Proceedings of the Fifth Congress on Particle Technology},
	Month = {April},
	Title = {Particle Size Distribution by {LASER} Diffraction Spectrometry:  Application
    to Cementitious Powders},
    Organization = {AIChE},
	Year = {2006}
}

@article{Flatt08,
	Author = {Flatt, Robert J. and Scherer, George W.},
	Date-Added = {2014-05-01 17:26:01 +0000},
	Date-Modified = {2014-05-01 17:27:06 +0000},
	Journal = ccr,
	Keywords = {delayed ettringite formation, thermodynamics , poroelasticity},
	Pages = {325--336},
	Title = {Thermodynamics of Crystallization Stresses in {DEF}},
	Volume = {38},
	Year = {2008}
}

@article{Garboczi02,
	Author = {Garboczi, Edward J.},
	Journal = ccr,
	Pages = {1621--1638},
	Title = {Three-Dimensional Mathematical Analysis of Particle Shapte Using {X}-Ray Tomography
    and Spherical Harmonics:  Application to Aggregates Used in Concrete},
	Volume = {32},
	Year = {2002}
}

@article{Garboczi04,
	Author = {Garboczi, Edward J. and Bullard, Jeffrey W.},
	Journal = ccr,
	Pages = {1933--1937},
	Title = {Shape analysis of a reference cement},
	Volume = {34},
	Year = {2004}
}

@techreport{Garboczi98,
	Author = {Garboczi, Edward J.},
	Institution = {U.S. Department of Commerce},
	Keywords = {modeling, finite element, finite difference, microstructure, digital image, elastic, electric, computer, numerical},
	Month = dec,
	Number = 6269,
	Title = {Finite Element and Finite Difference Programs for Computing the Linear Electric and Elastic Properties of Digital Images of Random Materials},
	Type = {NIST Interagency Report},
	Year = 1998
}

@article{Gerard02,
	Author = {G{\'{e}}rard, B. and Le Bellego, C. and Bernard, O.},
	Date-Added = {2013-02-28 15:00:43 +0000},
	Date-Modified = {2013-02-28 15:02:12 +0000},
	Journal = ms,
	Keywords = {cement chemistry, degradation, leaching, calcium, computer modeling, simulation},
	Pages = {632--640},
	Title = {Simplified Modelling of Calcium Leaching in Concrete in Various Environments},
	Volume = {35},
	Year = {2002}
}

@article{Gollop92,
	Author = {Gollop, R. S. and Taylor, Hal F. W.},
	Date-Added = {2012-12-10 21:29:58 +0000},
	Date-Modified = {2012-12-10 21:31:16 +0000},
	Journal = CCR,
	Keywords = {sulfate attack, microstructure, portland cement, cement chemistry},
	Pages = {1027--1038},
	Title = {Microstructural and Microanalytical Studies of Sulfate Attack {I.} Ordinary Portland Cement Paste},
	Volume = {22},
	Year = {1992}
}

@article{Gospodinov99,
	Author = {Gospodinov, Peter N. and Kazandjiev, Robert F. and Partalin, Todor A. and Mironova, Mirona K.},
	Date-Added = {2014-05-01 16:18:23 +0000},
	Date-Modified = {2014-05-01 16:20:08 +0000},
	Journal = ccr,
	Keywords = {sulfate attack, diffusion, transport, chemical reaction modeling},
	Pages = {1591--1596},
	Title = {Diffusion of Sulfate Ions into Cement Stone Regarding Simultaneous Chemical Reactions and Resulting Effects},
	Volume = {29},
	Year = {1999}
}

@article{Gospodinov05,
	Author = {Gospodinov, Peter N.},
	Date-Added = {2014-05-01 16:24:55 +0000},
	Date-Modified = {2014-05-01 16:26:08 +0000},
	Journal = ccr,
	Keywords = {sulfate attack, transport, electrolyte, cement chemistry, computer modeling},
	Pages = {520--526},
	Title = {Numerical Simulation of {3D} Sulfate Ion Diffusion and Liquid Push Out of the Materials Capillaries in Cement Composites},
	Volume = {35},
	Year = {2005}
}

@article{Haecker05,
	Author = {Haecker, Claus J. and Garboczi, Edward J. and Bullard, Jeffrey W. and Bohn, Robert B. and Sun, Z. and Shah, S. P. and Voigt, T.},
	Date-Modified = {2014-05-23 20:23:50 +0000},
	Journal = CCR,
	Keywords = {cement, hydration, modeling, simulation, elastic, microstructure},
	Pages = {1948--1960},
	Title = {Modeling the Linear Elastic Properties of {P}ortland Cement Paste},
	Volume = 35,
	Year = {2005}
}

@article{Hashin63,
	Author = {Hashin, Z. and Shtrikman, S.},
	Date-Added = {2015-12-15 18:14:38 +0000},
	Date-Modified = {2015-12-15 18:16:00 +0000},
	Journal = jmps,
	Keywords = {composite theory},
	Pages = {127--140},
	Title = {A Variational Approach to the Theory of the Elastic Behaviour of Multiphase Materials},
	Volume = {11},
	Year = {1963}
}

@article{Idiart11,
	Author = {Idiart, Andr{\'{e}}s E. and L{\'{o}}pez, Carlos M. and Carol, Ignacio},
	Date-Added = {2013-01-10 16:22:25 +0000},
	Date-Modified = {2013-01-10 16:25:12 +0000},
	Journal = CCC,
	Keywords = {sulfate attack, computer modeling, computer simulation, durability},
	Pages = {411--423},
	Title = {Chemo-Mechanical Analysis of Concrete Cracking and Degradation due to External Sulfate Attack: A Meso-Scale Model},
	Volume = {33},
	Year = {2011}
}

@article{Jennings07,
	Author = {Jennings, Hamlin M. and Thomas, Jeffrey J. and Gevrenov, J. S. and Constantinides, G. and Ulm, Franz-Josef},
	Date-Added = {2015-12-15 18:19:18 +0000},
	Date-Modified = {2015-12-15 18:21:00 +0000},
	Journal = ccr,
	Keywords = {porosity; C-S-H; cement; characterization},
	Pages = {329--336},
	Title = {A Multi-Technique Investigation of the Nanoporosity of Cement Paste},
	Volume = {37},
	Year = {2007}
}

@article{Jennings08,
	Author = {Jennings, Hamlin M.},
	Date-Added = {2011-02-19 12:35:44 -0500},
	Date-Modified = {2011-12-22 16:43:28 -0500},
	Journal = ccr,
	Keywords = {CSH gel, C-S-H, microstructure, cement},
	Number = {3},
	Pages = {275--289},
	Title = {Refinements to Colloid Model of C-S-H in Cement: {CM-II}},
	Volume = {38},
	Year = {2008}
}

@article{Kakali00,
	Author = {Kakali, G. and Tsivilis, S. and Aggeli, E. and Bati, M.},
	Date-Added = {2015-12-15 18:37:44 +0000},
	Date-Modified = {2015-12-15 18:39:26 +0000},
	Journal = ccr,
	Keywords = {cement chemistry; hydration; limestone},
	Pages = {1073--1077},
	Title = {Hydration Products of {C$_3$A}, {C$_3$S} and Portland Cement in the Presence of {CaCO$_3$}},
	Volume = {30},
	Year = {2000}
}


@article{Kulik06,
	Author = {Kulik, Dmitrii A.},
	Date-Added = {2015-12-15 18:37:44 +0000},
	Date-Modified = {2015-12-15 18:39:26 +0000},
	Journal = chemgeo,
	Pages = {189--212},
	Title = {Dual-Thermodynamic Estimation of Stoichiometry and Stability of Solid Solution
        End Members in Aqueous-Solid Solution Systems},
	Volume = {225},
    Number = {3--4},
	Year = {2006}
}

@article{Kulik13,
	Author = {Kulik, Dmitrii A. and Wagner, Thomas and Dmytrieva, Svitlana V. and Kosakowski, Georg and Hingerl, Ferdinand F. and Chudnenko, Konstantin V. and Berner, Urs R.},
	Journal = CG,
	Keywords = {geochemistry, thermodynamics, reactive transport},
	Number = {1},
	Pages = {1--24},
	Title = {{GEM-Selektor} Geochemical Modeling Package: Revised Algorithm and {GEMS3K} Numerical Kernel for Coupled Simulation Codes},
	Volume = {17},
	Year = {2013}
}

@misc{CEMDATAdownload,
	Address = {Dubendorf, Switzerland},
	Author = {Lothenbach, Barbara},
	Howpublished = "https://www.empa.ch/web/s308/cemdata",
	Keywords = {thermodynamics, geochemistry, computer, modeling, GEMS, equilibrium, aqueous, solution},
    note = "[Online; accessed 8-August-2016]",
	Publisher = {Empa},
	Title = {{CEMDATA 14.01}},
	Year = {2014}
}

@misc{GEMdownload,
	Address = {Villigen, Switzerland},
	Author = {Kulik, Dmitrii A.},
	Howpublished = "http://gems.web.psi.ch/",
	Keywords = {thermodynamics, geochemistry, computer, modeling, GEMS, equilibrium, aqueous, solution},
    note = "[Online; accessed 8-August-2016]",
	Publisher = {Paul Scherrer Institut},
	Title = {{GEMS3K}},
	Year = {2013}
}

@article{Kunther13,
	Author = {Kunther, Wolfgang and Lothenbach, Barbara and Scrivener, Karen L.},
	Date-Added = {2013-05-30 14:38:29 +0000},
	Date-Modified = {2013-05-30 14:39:42 +0000},
	Journal = ccr,
	Keywords = {sulfate attack, cement chemistry, thermodynamics},
	Pages = {77--86},
	Title = {Influence of Bicarbonate Ions on the Deterioration of Mortar Bars in Sulfate Solutions},
	Volume = {44},
	Year = {2013}
}

@article{Lafuma29,
	Author = {Lafuma, H.},
	Date-Added = {2014-05-23 20:41:06 +0000},
	Date-Modified = {2014-05-23 20:45:26 +0000},
	Journal = rmctp,
	Keywords = {sulfate attack, cement chemistry},
	Pages = {441-444},
	Title = {Th{\'{e}}orie de l'Expansion des Ligants Hydrauliques},
	Volume = {243},
	Year = {1929}
}

@incollection{Lagerblad99,
	Address = {Westerville, OH},
	Author = {Lagerblad, B.},
	Booktitle = {Materials Science of Concrete: Sulfate Attack Mechanisms},
	Editor = {Marchand, Jacques and Skalny, Jan P.},
	Keywords = {sulfate attack, cement chemistry, ettringite},
	Pages = {325--336},
	Publisher = {American Ceramic Society},
	Title = {Long Term Test of Concrete Resistance Against Sulphate Attack},
	Year = {1999}
}

@article{Lothenbach06,
	Author = {Lothenbach, Barbara and Winnefeld, Frank},
	Journal = CCR,
	Keywords = {thermodynamic, geochemistry, modeling, cement, hydration},
	Pages = {209--226},
	Title = {Thermodynamic Modelling of the Hydration of {P}ortland Cement},
	Volume = 36,
	Year = {2006}
}

@article{Lothenbach08,
    Author = {Lothenbach, Barbara and Matschei, Thomas and M{\"{o}}schner, G{\"{o}}ril and Glasser, Fred P.},
    Journal = CCR,
    Keywords = {thermodynamic, geochemistry, temperature, modeling, cement, hydration},
    Pages = {1--18},
    Title = {Thermodynamic Modelling of the Effect of Temperature on the Hydration and Porosity of {Portland} Cement},
    Volume = 38,
    Year = {2008}
}

@article{Lothenbach08a,
	Author = {Lothenbach, Barbara and Saout, Gwenn Le and Gallucci, Emmanuel and Scrivener, Karen},
	Journal = CCR,
	Keywords = {thermodynamic, geochemistry, limestone, calcium carbonate, modeling, cement, hydration},
	Pages = {848--860},
	Title = {Influence of Limestone on the Hydration of {Portland} Cements},
	Volume = 38,
	Year = {2008}
}

@article{Lothenbach10,
	Author = {Lothenbach, Barbara and Bary, Benoit and Le~Bescop, Patrick and Schmidt, Thomas and Leterrier, Nikos},
	Date-Added = {2015-12-15 18:29:10 +0000},
	Date-Modified = {2015-12-15 18:31:56 +0000},
	Journal = ccr,
	Keywords = {sulfate attack; portland cement; concrete; degradation; durability},
	Pages = {1211--1225},
	Title = {Sulfate Ingress in {Portland} Cement},
	Volume = {40},
	Year = {2010}
}

@incollection{Marchand99,
	Author = {Marchand, J. and Samson, E. and Maltais, Y.},
	Title = {Modeling Microstructural Alterations of Concrete Subjected to Sulfate Attack},
	Keywords = {sulfate attack; modeling; portland cement; concrete; degradation; durability},
	Pages = {211--257},
	Booktitle = {Materials Science of Concrete:  Sulfate Attack Mechanisms},
	Editor = {Marchand, Jacques and Skalny, Jan P.},
	Address = {Westerville, OH},
	Publisher = {American Ceramic Society},
	Year = {1999}
}

@article{Matschei07,
	Author = {Matschei, Thomas and Lothenbach, Barbara and Glasser, Fredrik P.},
	Date-Added = {2015-12-15 18:29:10 +0000},
	Date-Modified = {2015-12-15 18:31:56 +0000},
	Journal = ccr,
	Keywords = {sulfate attack; portland cement; concrete; degradation; durability},
	Pages = {1379--1410},
	Title = {Thermodynamic Properties of Portland Cement Hydrates in the System {CaO}--{Al}$_2${O}$_3$--{SiO}$_2$--{CaSO}$_4$--{CaCO}$_3$--{H}$_2${O}},
	Volume = {37},
	Year = {2007}
}

@phdthesis{Matschei09,
	Author = {Matschei, Thomas},
	Date-Added = {2015-12-15 18:40:04 +0000},
	Date-Modified = {2015-12-15 18:41:03 +0000},
	Keywords = {cement chemistry; thermodynamics; cement hydration},
	School = {University of Aberdeen},
	Title = {Thermodynamics of Cement Hydration},
	Year = {2009}
}

@article{Matschei10,
	Author = {Matschei, Thomas and Glasser, Fredrik P.},
	Date-Added = {2015-12-15 18:42:30 +0000},
	Date-Modified = {2015-12-15 18:44:26 +0000},
	Journal = ccr,
	Keywords = {cement chemistry; thermodynamics; limestone},
	Pages = {763--777},
	Title = {Temperature Dependence, 0 to 40~$^{\circ}${C}, of the Mineralogy of Portland Cement Paste In the Presence of Calcium Carbonate},
	Volume = {40},
	Year = {2010}
}

@inproceedings{Mehta72,
	Address = {University of California, Berkeley},
	Author = {Mehta, P. K.},
	Booktitle = {Proceedings of the Conference on Expansive Cement Concretes},
	Date-Added = {2014-05-23 20:46:12 +0000},
	Date-Modified = {2014-05-23 20:48:07 +0000},
	Keywords = {sulfate attack, expansive cement},
	Month = {June},
	Title = {Chemistry and Microstructure of Expansive Cements},
	Year = {1972}
}

@article{Mehta73,
	Author = {Mehta, P. K.},
	Date-Added = {2012-12-10 21:44:00 +0000},
	Date-Modified = {2012-12-10 21:44:50 +0000},
	Journal = ccr,
	Keywords = {sulfate attack, expansion, ettringite, cement chemistry, microstructure},
	Pages = {1--6},
	Title = {Mechanism of Expansion Associated with Ettringite Formation},
	Volume = {3},
	Year = {1973}
}

@article{Meille01,
	Author = {Meille, S. and Garboczi, Edward J.},
	Journal = msms,
	Keywords = {elastic, composite, porous media, finite element, computer, simulation, modeling, digital image},
	Number = 5,
	Pages = {371--390},
	Title = {Linear Elastic Properties of {2D} and {3D} Models of Porous Materials Made From Elongated Objects},
	Volume = 9,
	Year = {2001}
}

@inproceedings{Mobasher04,
	Author = {Mobasher, Barzin and Ferraris, Chiara F.},
	Booktitle = {Proceedings of {RILEM} Technical Meeting on Durability of Cement Based Materials},
	Date-Added = {2013-01-10 16:14:51 +0000},
	Date-Modified = {2013-01-10 16:16:54 +0000},
	Keywords = {sulfate attack, durabilitiy, concrete technology, computer modeling, computer simulation},
	Month = {March},
	Title = {Simulation of Expansion in Cement Based Materials Subjected to External Sulfate Attack},
	Year = {2004}
}

@article{Nakarai06,
	Author = {Nakarai, Kenichiro and Ishida, Tetsuya and Maekawa, Koichi},
	Date-Added = {2013-02-28 15:07:05 +0000},
	Date-Modified = {2013-02-28 15:08:29 +0000},
	Journal = jact,
	Keywords = {cement chemistry, microstructure, degradation, leaching, computer modeling},
	Number = {3},
	Pages = {395--407},
	Title = {Modeling of Calcium Leaching from Cement Hydrates Coupled with Micro-Pore Formation},
	Volume = {4},
	Year = {2006}
}

@article{Nazari11,
	Author = {Nazari, A. and Riahi, S.},
	Date-Added = {2015-12-15 18:25:24 +0000},
	Date-Modified = {2015-12-15 18:27:11 +0000},
	Journal = {Energ. Buildings},
	Keywords = {concrete; slag; strength; mechanical properties; nanoparticles},
	Pages = {864--872},
	Title = {Splitting Tensile Strength of Concrete Using Ground Granulated Blast Furnace Slag and {SiO$_2$} Nanoparticles as Binder},
	Volume = {43},
	Year = {2011}
}

@article{Parrot84,
	Author = {Parrot, L. J. and Killoh, D. C.},
	Journal = {Br. Ceram. Proc.},
	Pages = {41--53},
	Title = {Prediction of Cement Hydration},
	Volume = {35},
	Year = {1984}
}

@article{Pommersheim79,
	Author = {Pommersheim, J. M. and Clifton, J. R.},
	Journal = ccr,
	Pages = {765--770},
	Title = {Mathematical Modeling of Triclacium Silicate Hydration},
	Volume = {9},
	Year = {1979}
}

@article{Raphael84,
	Author = {Raphael, J. M.},
	Date-Added = {2015-12-15 18:24:02 +0000},
	Date-Modified = {2015-12-15 18:25:13 +0000},
	Journal = acij,
	Keywords = {concrete; strength; mechanical properties},
	Pages = {158--165},
	Title = {Tensile Strength of Concrete},
	Volume = {81},
	Year = {1984}
}

@article{Roberts99,
	Author = {Roberts, Anthony P. and Garboczi, Edward J.},
	Date-Added = {2014-05-29 14:09:40 +0000},
	Date-Modified = {2014-05-29 14:11:30 +0000},
	Journal = jmps,
	Keywords = {microstructure, elastic properties, finite element, composite theory},
	Pages = {2029--2055},
	Title = {Elastic Properties of a Tungsten-Silver Composite by Reconstruction and Computation},
	Volume = {47},
	Year = {1999}
}

@article{Sahachaiyunta12,
	Author = {Sahachaiyunta, Pichet and Ponpaisanseree, Kittisak and Bullard, Jeffrey W. and Stutzman, Paul E. and Garboczi, Edward J. and Vichit-Vadakan, Wilasa},
	Date-Added = {2012-06-21 12:43:35 +0000},
	Date-Modified = {2013-03-29 20:03:09 +0000},
	Journal = CI,
	Keywords = {virtual testing, VCCTL, computer modeling, optimum sulfate, cement hydration, strength},
	Pages = {33--39},
	Title = {Virtual Testing in a Cement Plant},
	Year = {2012}
}

@article{Samson07,
	Author = {Samson, Eric and Marchand, Jacques},
	Date-Added = {2014-05-01 16:20:55 +0000},
	Date-Modified = {2014-05-01 16:23:21 +0000},
	Journal = cstruct,
	Keywords = {cement chemistry, diffusion, transport, electrolytes},
	Pages = {1740--1756},
	Title = {Modeling the Transport of Ions in Unsaturated Cement-Based Materials},
	Volume = {85},
	Year = {2007}
}

@article{Sarkar10,
	Author = {Sarkar, Shondeep L. and Mahadevan, S. and Meeussen, J. C. L. and van der Sloot, Hans and Kosson, David S.},
	Date-Added = {2013-01-10 16:25:18 +0000},
	Date-Modified = {2013-01-10 16:27:08 +0000},
	Journal = CCC,
	Keywords = {sulfate attack, computer modeling, computer simulation, durability, thermodynamics},
	Pages = {241--252},
	Title = {Numerical Simulation of Cementitious Materials Degradation Under External Sulfate Attack},
	Volume = {32},
	Year = {2010}
}

@article{Scherer99a,
	Author = {Scherer, George W.},
	Date-Added = {2012-12-10 21:45:34 +0000},
	Date-Modified = {2012-12-10 21:46:19 +0000},
	Journal = CCR,
	Keywords = {crystallization pressure},
	Pages = {1347--1358},
	Title = {Crystallization in Pores},
	Volume = {29},
	Year = {1999}
}

@article{Scherer04,
	Author = {Scherer, George W.},
	Date-Added = {2012-12-10 21:42:34 +0000},
	Date-Modified = {2012-12-10 21:43:44 +0000},
	Journal = CCR,
	Keywords = {crystallization pressure, ettringite, portlandite},
	Pages = {1613--1624},
	Title = {Stress from Crystallization of Salt},
	Volume = {34},
	Year = {2004}
}

@inproceedings{Scherer11,
	Author = {Scherer, George W.},
	Booktitle = {Proceedings of the Symposium on Mechanics and Physics of Porous Solids:  A Tribute to {Professor Olivier Coussy}},
	Date-Added = {2015-12-15 18:12:28 +0000},
	Date-Modified = {2015-12-15 18:14:09 +0000},
	Keywords = {poromechanics; frost damage; freeze thaw; durability},
	Publisher = {{IFSTTAR}},
	Title = {Poromechanics of Frost Damage},
	Year = {2011}
}

@article{Schmidt09,
	Author = {Schmidt, Thomas and Lothenbach, Barbara and Romer, Michael and Neuenschwander, J{\"{u}}rg and Scrivener, Karen L.},
	Date-Added = {2013-06-20 14:02:29 +0000},
	Date-Modified = {2013-06-20 14:05:42 +0000},
	Journal = ccr,
	Keywords = {sulfate attack, cement chemistry, limestone, microstructure development, thermodynamic modeling, thaumasite},
	Pages = {1111--1121},
	Title = {Physical and Microstructural Aspects of Sulfate Attack on Ordinary and Limestone Blended {Portland} Cements},
	Volume = {39},
	Year = {2009}
}

@article{Stutzman07,
    Author = {Stutzman, Paul E. and Leigh, Stefan},
    Title = {Phase Analysis of Hydraulic Cements by {X}-Ray Powder Diffraction:
        Precision, Bias, and Qualification},
    Journal = {J. {ASTM} Int.},
    Pages = {JAI101085},
    Volume = {4},
    Number = {5},
    Year = {2007}
}

@techreport{Stutzman15,
	Address = {Washington, D.C.},
	Author = {Stutzman, Paul E. and Bullard, Jeffrey W. and Feng, Pan},
	Institution = {U.S. Department of Commerce},
	Month = {April},
	Number = {1877},
	Title = {Quantitative Imaging of Clinker and Cement Microstructure},
	Type = {NIST Technical Note},
	Year = {2015}
}

@article{Sun10a,
	Author = {Sun, Zhenhua and Scherer, George W.},
	Date-Added = {2015-12-15 18:08:06 +0000},
	Date-Modified = {2015-12-15 18:11:57 +0000},
	Journal = ccr,
	Keywords = {thermoporometry; pore size; characterization},
	Pages = {740--751},
	Title = {Pore Size and Shape in Mortar by Thermoporometry},
	Volume = {40},
	Year = {2010}
}

@article{Thorpe90,
	Author = {Thorpe, M. F. and Garboczi, Edward J.},
	Date-Added = {2014-05-23 20:37:24 +0000},
	Date-Modified = {2014-05-23 20:38:41 +0000},
	Journal = prb,
	Keywords = {elasticity, computer modeling, composite theory},
	Pages = {8405--8417},
	Title = {Elastic Properties of Central-Force Networks with Bond-Length Mismatch},
	Volume = {42},
	Year = {1990}
}

@article{Tian00,
	Author = {Tian, Bing and Cohen, Menashi D.},
	Date-Added = {2012-12-10 21:35:25 +0000},
	Date-Modified = {2012-12-10 21:36:38 +0000},
	Journal = CCR,
	Keywords = {sulfate attack, gypsum, cement chemistry},
	Pages = {117--123},
	Title = {Does Gypsum Formation During Sulfate Attack on Concrete Lead to Expansion?},
	Volume = {30},
	Year = {2000}
}

@article{Tixier03,
	Author = {Tixier, Rapha{\"{e}}l and Mobasher, Barzin},
	Journal = JMCE,
	Keywords = {modeling, simulation, sulfate attack, cement, concrete, damage},
	Number = 4,
	Pages = {305--313},
	Title = {Modeling of Damage in Cement-Based Materials Subjected to External Sulfate Attack. {I}: Formulation},
	Volume = 15,
	Year = {2003}
}

@article{Tixier03a,
	Author = {Tixier, Rapha{\"{e}}l and Mobasher, Barzin},
	Journal = JMCE,
	Keywords = {modeling, simulation, sulfate attack, cement, concrete, damage},
	Number = 4,
	Pages = {314--322},
	Title = {Modeling of Damage in Cement-Based Materials Subjected to External Sulfate Attack. {II}: Comparison with Experiments},
	Volume = 15,
	Year = {2003}
}

@article{Valentini14,
	Author = {Valentini, Luca and Parisatto, Matteo and Russo, Vincenzo and Ferrari, Giorgio and Bullard, Jeffrey W. and Angel, Ross J. and Dalconi, Maria Chiara and Artioli, Gilberto},
	Date-Added = {2014-05-29 14:24:40 +0000},
	Date-Modified = {2015-11-05 18:49:27 +0000},
	Journal = ccc,
	Keywords = {VCCTL, elastic properties, mortar, microstructure, cement hydration},
	Pages = {54--63},
	Title = {Simulation of the Hydration Kinetics and Elastic Moduli of Cement Mortars by Microstructural Modelling},
	Volume = {52},
	Year = {2014}
}

@article{Wee00,
	Author = {Wee, T. H. and Suryavanshi, A. K. and Wong, S. F. and Anisur-Rahman, A. K.},
	Journal = acimj,
	Pages = {536--549},
	Title = {Sulfate Resistance of Concrete Containing Mineral Admixtures},
	Volume = {97},
	Number = {5},
	Year = {2000}
}

@article{Yu13,
	Author = {Yu, Cheng and Sun, Wei and Scrivener, Karen L.},
	Date-Added = {2012-12-05 22:35:00 +0000},
	Date-Modified = {2012-12-05 22:36:21 +0000},
	Journal = CCR,
	Keywords = {sulfate attack, cement chemistry, durability, degradation, mortar},
	Pages = {105--111},
	Title = {Mechanism of Expansion of Mortars Immersed in Sodium Sulfate Solutions},
	Volume = {43},
	Year = {2013}
}

@article{Gerard00,
    Author = {G{\'{e}}rard, B. and Marchand, J.},
	Journal = CCR,
	Pages = {37--43},
	Title = {Influence of cracking on the diffusion properties of cement-based materials.
	Part I: Influence of continuous cracks on the steady-state regime},
	Volume = {30},
	Year = {2000}
}

@article{Marchand01,
    Author = {Marchand, J.},
	Journal = {Materials and Structures},
	Pages = {195--200},
	Title = {Modeling the behavior of unsaturated cement systems
	exposed to aggressive chemical environments},
	Volume = {34},
	Year = {2001}
}

@incollection{Garboczi99,
    Author = {Garboczi, Edward J. and Bentz, D.},
    Title = {Diffusivity-Porosity Relation for Cement Paste},
    Booktitle = {Materials Science of Concrete--Sulfate Attack Mechanisms},
    Editor = {Marchand, Jacques and Skalny, Jan P.},
    Publisher = {The American Ceramic Society},
    Address = {Westerville, OH},
	Pages = {259--264},
	Year = {1999}
}

@inbook{Press92,
    Author = {Press, William H. and Teukolsky, Saul A. and Vetterling, Willam T. and Flannery, Brian P.},
    Title = {Numerical Recipes in {C}: The Art of Scientific Computing},
    Edition = {2},
    Publisher = {Cambridge University Press},
    Address = {New York},
    Year = {1992},
    Pages = {834--837}
}

@article{Feng16b,
    Author = {Feng, Pan and Miao, Changwen and Bullard, Jeffrey W.},
	Title = {On the Mechanisms of External Sulfate Attack in Portland Cement Binders},
	Journal = ccr,
    Volume = "in preparation",
}

@article{Sant11,
	Author = {Sant, Gaurav and Bentz, Dale P. and Weiss, W. Jason},
	Date-Added = {2011-10-21 14:11:57 -0400},
	Date-Modified = {2011-12-22 16:53:15 -0500},
	Journal = ccr,
	Keywords = {porosity; cement; percolation},
	Pages = {854--864},
	Title = {Capillary Porosity Depercolation in Cement-Based Materials: Measurement Techniques and Factors Which Influence Their Interpretation},
	Volume = {41},
	Year = {2011}
}

@article{Wagner12,
	Author = {Wagner, Thomas and Kulik, Dmitrii A. and Hingerl, Ferdinand F. and Dmytrieva, Svitlana V.},
	Journal = canmin,
	Keywords = {thermodynamic modeling; geochemistry; GEM; computer modeling},
	Number = {5},
	Pages = {701--723},
	Title = {{GEM-Selektor} Geochemical Modeling Package:  {TSolMod} Library and Data Interface for Multicomponent Phase Models},
	Volume = {50},
	Year = {2012}
}
